@article{havoutis13ijrr,
	author = {Ioannis Havoutis and Subramanian Ramamoorthy},
	title = {Motion planning and reactive control on learnt skill manifolds},
	journal = {The International Journal of Robotics Research},
	volume = {32},
	number = {9-10},
	pages = {1120-1150},
	year = {2013},
	doi = {10.1177/0278364913482016},
}

@inproceedings{Winkler2015,
	author = {Winkler, Alexander and Mastalli, Carlos and Havoutis, Ioannis and Focchi, Michele and Caldwell, Darwin G. and Semini, Claudio},
	title = {{Planning and Execution of Dynamic Whole-Body Locomotion for a Hydraulic Quadruped on Challenging Terrain}},
	booktitle = {IEEE International Conference on Robotics and Automation (ICRA)},
	year = {2015}
}

@INPROCEEDINGS{havoutis15clawar, 
	author={I. Havoutis and D. G. Caldwell and C. Semini}, 
	booktitle={Internatinal Conference on Climbing and Walking Machines (CLAWAR)}, 
	title={Lidar-based navigation-level path planning for field-capable legged robots}, 
	year={2015}, 
	pages={}, 
	month={},}

@inproceedings{Mastalli2015,
	author = {Mastalli, Carlos and Winkler, Alexander and Havoutis, Ioannis and Caldwell, Darwin G. and Semini, Claudio},
	booktitle = {{IEEE International Conference on Technologies for Practical Robot Applications (TEPRA)}},
	title = {{On-line and On-board Planning and Perception for Quadrupedal Locomotion}},
	year = {2015}
}

@inproceedings{Havoutis16SSRR,
	author="Havoutis, I. and Calinon, S.",
	title="Learning assistive teleoperation behaviors from demonstration",
	booktitle=SSRR,
	year="2016",
	month="October",
	address="Lausanne, Switzerland",
	pages=""
}

@article{Zeestraten2017-RAL,
    author="Zeestraten, M. J. A. and Havoutis, I. and Silv\'erio, J. and Calinon, S. and Caldwell, D. G.",
    title="An Approach for Imitation Learning on {R}iemannian Manifolds",
    journal="{IEEE} Robotics and Automation Letters ({RA-L})",
    doi="10.1109/LRA.2017.2657001",
    year="2017",
    month="June",
    volume="2",
    number="3",
    pages="1240--1247"
}

@inproceedings{Zeestraten17IROS,
	author="Zeestraten, M. J. A. and Havoutis, I. and Calinon, S. and Caldwell, D. G.", 
	title="Learning Task-Space Synergies using Riemannian Geometry",
	booktitle="Proc. {IEEE/RSJ} Intl Conf. on Intelligent Robots and Systems ({IROS})",
	year="2017",
	month="September",
	address="Vancouver, Canada",
	pages="73--78"
}
@inproceedings{Havoutis17ICRA,
  author="Havoutis, I. and Calinon, S.",
  title="Supervisory teleoperation with online learning and optimal control",
  booktitle="Proc. {IEEE} Intl Conf. on Robotics and Automation ({ICRA})",
  year="2017",
  month="May-June",
  address="Singapore",
  pages="1534--1540"
}

@inproceedings{Mastalli17ICRA,
  author="Mastalli, C. and Focchi, M. and Havoutis, I. and Radulescu, A. and Calinon, S. and Buchli, J. and Caldwell, D. G. and Semini, C.",
  title="Trajectory and Foothold Optimization using Low-Dimensional Models for Rough Terrain Locomotion",
  booktitle="Proc. {IEEE} Intl Conf. on Robotics and Automation ({ICRA})",
  year="2017",
  month="May-June",
  address="Singapore",
  pages="1096--1103"
}
